%%% ====================================================================
%%%  BibTeX-file{
%%%     author          = "Gerry Murray",
%%%     version         = "1.2",
%%%     date            = "2 April 2012",
%%%     filename        = "acmsmall-sample-bibfile.bib",
%%%     address         = "ACM, NY",
%%%     email           = "murray at hq.acm.org",
%%%     codetable       = "ISO/ASCII",
%%%     keywords        = "ACM Reference Format, bibliography, citation, references",
%%%     supported       = "yes",
%%%     docstring       = "This BibTeX database file contains 'bibdata' entries
%%%                        that 'match' the examples provided in the Specifications Document
%%%                        AND, also, 'legacy'-type bibs. It should assist authors in 
%%%                        choosing the 'correct' at-bibtype and necessary bib-fields
%%%                        so as to obtain the appropriate ACM Reference Format output. 
%%%			   It also contains many 'Standard Abbreviations'. "
%%%  }

%%% ====================================================================






%%% To cite sources and manage references, one should add them to the bibliography.bib and reference them in the document \cite{elements-of-value} \cite{klein2013ux}.For internal cross-referencing, one should use labels as seen in Section \ref{sec:section3}.

@ARTICLE{elements-of-value,
    author = {Eric Almquist and John Senior and Nicolas Bloch},
    title = {The Elements of Value},
    journal = {Harvard Business Review (2016)},
    month = {September},
    pages = {47-52},
    year = {2016}
}

@book{klein2013ux,
  title={Ux for Lean Startups},
  author={Laura Klein},
  isbn={9789351101352},
  year={2013},
  publisher={Shroff Publishers \& Distr}
}

@misc{repository,
  author = {own},
  title = {MBSE-traffic-simulation},
  year = {2021},
  publisher = {GitHub},
  journal = {GitHub repository},
  howpublished = {\url{https://github.com/mactat/MBSE-traffic-simulation}},
}

@Article{Hunter:2007,
  Author    = {Hunter, J. D.},
  Title     = {Matplotlib: A 2D graphics environment},
  Journal   = {Computing in Science \& Engineering},
  Volume    = {9},
  Number    = {3},
  Pages     = {90--95},
  abstract  = {Matplotlib is a 2D graphics package used for Python for
  application development, interactive scripting, and publication-quality
  image generation across user interfaces and operating systems.},
  publisher = {IEEE COMPUTER SOC},
  doi       = {10.1109/MCSE.2007.55},
  year      = 2007
}

@ARTICLE{Phantom,
  author={Jiang, Peng and Dong, Zhenning and Wang, Yujing and Su, Yuelong and Li, Zhiheng},
  booktitle={2018 Ninth International Conference on Intelligent Control and Information Processing (ICICIP)}, 
  title={Empirical Study of Phantom Traffic Jams on Urban Expressway}, 
  year={2018},
  pages={99-102},
  doi={10.1109/ICICIP.2018.8606713}
}
@article{ACC,
title = {Towards an understanding of adaptive cruise control},
journal = {Transportation Research Part C: Emerging Technologies},
volume = {9},
number = {1},
pages = {33-51},
year = {2001},
issn = {0968-090X},
doi = {https://doi.org/10.1016/S0968-090X(00)00022-X},
url = {https://www.sciencedirect.com/science/article/pii/S0968090X0000022X},
author = {Greg Marsden and Mike McDonald and Mark Brackstone},
keywords = {Adaptive cruise control, Instrumented vehicle, Driver behaviour},
}
@ARTICLE{V2V,
  author={Demba, Albert and Möller, Dietmar P. F.},
  booktitle={2018 IEEE International Conference on Electro/Information Technology (EIT)}, 
  title={Vehicle-to-Vehicle Communication Technology}, 
  year={2018},
  volume={},
  number={},
  pages={0459-0464},
  doi={10.1109/EIT.2018.8500189}
}
@INPROCEEDINGS{V2Vimprovement,
  author={Liu, Changliu and Lin, Chung-Wei and Shiraishi, Shinichi and Tomizuka, Masayoshi},
  booktitle={2018 Annual American Control Conference (ACC)}, 
  title={Improving Efficiency of Autonomous Vehicles by V2V Communication}, 
  year={2018},
  volume={},
  number={},
  pages={4778-4783},
  doi={10.23919/ACC.2018.8430910}}
  
  @misc{TrafficReport,
  author={Bob Pishúe},
  title={INRIX 2020 Global Traffic Scorecard}, 
  year={2020},
  volume={},
  number={},
  pages={22},
}

@inproceedings{Green2020GuideTT,
  title={Guide to Traffic Management Part 3: Transport Studies and Analysis Methods},
  author={David Green and Kenneth Lewis and Annabel Head and Jeanette Ward and Cameron Munro},
  year={2020}
}

@article{HumanBehaviour,
author = {Cai, Hua and Lin, Yingzi and Cheng, Bo},
title = {Mimicking human driving behaviour for realistic simulation of traffic flow},
journal = {International Journal of Simulation and Process Modelling},
volume = {6},
number = {2},
pages = {126-136},
year = {2010},
doi = {10.1504/IJSPM.2010.036017},

URL = { 
        https://www.inderscienceonline.com/doi/abs/10.1504/IJSPM.2010.036017
    
},
eprint = { 
        https://www.inderscienceonline.com/doi/pdf/10.1504/IJSPM.2010.036017
    
}
}
@article{YANG2017344,
title = {Efficient traffic congestion estimation using multiple spatio-temporal properties},
journal = {Neurocomputing},
volume = {267},
pages = {344-353},
year = {2017},
issn = {0925-2312},
doi = {https://doi.org/10.1016/j.neucom.2017.06.017},
url = {https://www.sciencedirect.com/science/article/pii/S092523121731072X},
author = {Yongjian Yang and Yuanbo Xu and Jiayu Han and En Wang and Weitong Chen and Lin Yue}
}

@article{CaoIDM,
author = {Cao, Zuping and Lu, Lili and Chen, Chen and Chen, Xu},
year = {2021},
month = {01},
pages = {1-1},
title = {Modeling and Simulating Urban Traffic Flow Mixed With Regular and Connected Vehicles},
volume = {PP},
journal = {IEEE Access},
doi = {10.1109/ACCESS.2021.3050199}
}